@inproceedings{Kwon:2012:SMS:2213836.2213840,
 author = {Kwon, YongChul and Balazinska, Magdalena and Howe, Bill and Rolia, Jerome},
 title = {SkewTune: Mitigating Skew in Mapreduce Applications},
 booktitle = {Proceedings of the 2012 ACM SIGMOD International Conference on Management of Data},
 year = {2012},
 pages = {25--36},
}

@inproceedings{Kwon11astudy,
    author = {Yongchul Kwon and Magdalena Balazinska and Bill Howe and Jerome Rolia},
    title = {A study of skew in mapreduce applications},
    booktitle = {In the 5th Open Cirrus Summit},
    year = {2011},
    publisher = {Moskow}
}

@article{gufler2011handling,
  title={Handling Data Skew in MapReduce.},
  author={Gufler, Benjamin and Augsten, Nikolaus and Reiser, Angelika and Kemper, Alfons},
  journal={Closer},
  volume={11},
  pages={574--583},
  year={2011}
}


@article{ibrahim:hal-00822973,
  TITLE = {{Handling Partitioning Skew in MapReduce using LEEN}},
  AUTHOR = {Ibrahim, Shadi and Jin, Hai and Lu, Lu and He, Bingsheng and Antoniu, Gabriel and Wu, Song},
  JOURNAL = {{Peer-to-Peer Networking and Applications}},
  PUBLISHER = {{Springer}},
  YEAR = {2013},
  PDF = {https://hal.inria.fr/hal-00822973/file/PPNA.pdf},
  HAL_ID = {hal-00822973},
  HAL_VERSION = {v1},
}

@article{Dean:2008:MSD:1327452.1327492,
 author = {Dean, Jeffrey and Ghemawat, Sanjay},
 title = {MapReduce: Simplified Data Processing on Large Clusters},
 journal = {Commun. ACM},
 volume = {51},
 year = {2008},
}
